@article{Habibi2019,
  doi = {10.1007/s10916-019-1383-5},
  url = {https://doi.org/10.1007/s10916-019-1383-5},
  year = {2019},
  month = jul,
  publisher = {Springer Science and Business Media {LLC}},
  volume = {43},
  number = {8},
  author = {Mohammad Reza Mazaheri Habibi and Fahimeh Mohammadabadi and Hamed Tabesh and Hasan Vakili-Arki and Ameen Abu-Hanna and Saeid Eslami},
  title = {Effect of an Online Appointment Scheduling System on Evaluation Metrics of Outpatient Scheduling System: a before-after {MulticenterStudy}},
  journal = {Journal of Medical Systems}
}

@book{Elrom2016,
    title = {Pro MEAN Stack Development},
    author = {Elad Elrom},
    year = {2016},
    month = {12},
    day = {01},
    pagecount = {286},
    isbn = {9781484220443}
}

@article{FeddernBekcan2008,
  doi = {10.3163/1536-5050.96.4.023},
  url = {https://doi.org/10.3163/1536-5050.96.4.023},
  year = {2008},
  month = oct,
  publisher = {University Library System,  University of Pittsburgh},
  volume = {96},
  number = {4},
  pages = {394--395},
  author = {Tanya Feddern-Bekcan},
  title = {Google Calendar},
  journal = {Journal of the Medical Library Association : {JMLA}}
}

@inproceedings{Devina2021,
  doi = {10.1109/iccsai53272.2021.9609775},
  url = {https://doi.org/10.1109/iccsai53272.2021.9609775},
  year = {2021},
  month = oct,
  publisher = {{IEEE}},
  author = {Sartika Devina and Angelica Nadia and Vicky Chen and Alexander A S Gunawan},
  title = {The Influence of {UI} {UX} Design to Number of Users Between `Line' and `Whatsapp'},
  booktitle = {2021 1st International Conference on Computer Science and Artificial Intelligence ({ICCSAI})}
}

@article{Gould2016-ky,
  title     = "{WhatsApp} doc?",
  author    = "Gould, Georgina and Nilforooshan, Ramin",
  journal   = "BMJ Innov.",
  publisher = "BMJ",
  volume    =  2,
  number    =  3,
  pages     = "109--110",
  month     =  jul,
  year      =  2016,
  keywords  = "Communication; Medical Apps; Mobile Technology",
  language  = "en"
}

@BOOK{Scott2009-dh,
  title     = "Designing web interfaces",
  author    = "Scott, Bill and Neil, Theresa",
  publisher = "O'Reilly Media",
  month     =  feb,
  year      =  2009,
  address   = "Sebastopol, CA",
  language  = "en"
}




@misc{web-server-usage,
	author       = {w3tech},
	title        = {Usage of web servers for websites},
	howpublished = {\url{https://w3techs.com/technologies/overview/web_server/all}}
}

@misc{apache,
	author       = {Apache Software Foundation},
	title        = {Apache Software Foundation},
	howpublished = {\url{http://www.apache.org/}}
}

@misc{nodejs-trend,
	author       = {w3tech}, 
	title        = {Usage statistics and market share of Node.js for websites},
	howpublished = {\url{https://w3techs.com/technologies/details/ws-nodejs/all/all}}
}

@misc{acid,
	author       = {Graham Chen}, 
	title        = {Distributed transaction processing standars and their applications},
	howpublished = {\url{https://pdfs.semanticscholar.org/cf9d/45b49b276615e6c5d94a8ffaf163933c49a6.pdf}}
}

@misc{cap,
	author       = {Eric Brewer}, 
	title        = {Brewer's CAP Theorem},
	howpublished = {\url{http://www.julianbrowne.com/article/brewers-cap-theorem}}
}

@misc{pug,
	author       = {Pug}, 
	title        = {Pug template engine},
	howpublished = {\url{https://github.com/pugjs/pug}}
}

@misc{jade,
	author       = {Jade}, 
	title        = {Jade Lang},
	howpublished = {\url{jade-lang.com}}
}

@misc{bootstrap,
	author       = {Bootstrap}, 
	title        = {Bootstrap},
	howpublished = {\url{https://getbootstrap.com/}}
}

@misc{hack-week,
	author       = {Twitter}, 
	title        = {Hack Week},
	howpublished = {\url{https://blog.twitter.com/engineering/en_us/a/2010/hack-week.html}}
}

@misc{json,
	author       = {w3schools}, 
	title        = {JavaScript Object Notation},
	howpublished = {\url{https://www.w3schools.com/js/js_json_intro.asp}}
}

@misc{mongoose,
	author       = {Mongoose}, 
	title        = {Elegant mongodb object modeling for node.js},
	howpublished = {\url{http://mongoosejs.com/}}
}

@misc{agpl,
	author       = {Free Software Foundation}, 
	title        = {GNU Affero General Public License},
	howpublished = {\url{https://www.gnu.org/licenses/agpl-3.0.html}}
}

@misc{ansible,
	author       = {Ansible}, 
	title        = {Automation for everyone},
	howpublished = {\url{https://www.ansible.com/}}
}

@misc{passport,
	author       = {Passport.js}, 
	title        = {Simple, unobtrusive authentication for Node.js},
	howpublished = {\url{http://www.passportjs.org/}}
}

@misc{express,
	author       = {Express.js}, 
	title        = {Fast, unopinionated, minimalist web framework for Node.js},
	howpublished = {\url{http://expressjs.com/}}
}

@misc{blowfish,
	author       = {Bruce Schneier}, 
	title        = {Schneier on Security},
	howpublished = {\url{https://www.schneier.com/academic/blowfish/}}
}

@misc{rainbow,
	author       = {Philippe Oechslin}, 
	title        = {Making a Faster Cryptanalytical Time-Memory Trade-Off},
	howpublished = {\url{https://lasec.epfl.ch/~oechslin/publications/crypto03.pdf}}
}

@misc{gdpr,
	author       = {European Union}, 
	title        = {General Data Protection Regulation},
	howpublished = {\url{https://eur-lex.europa.eu/legal-content/EN/TXT/HTML/?uri=OJ:L:2016:119:FULL&from=EN}}
}

@inbook{software-engineering,
	author = {Ian Sommervile},
	title = {Software Engineering},
	bookTitle = {Software Engineering},
	year = 2016,
	publisher = {Springer International Publishing},
	isbn = {0-321-31379-8},
}

@misc{nodejs,
	author       = {Node.js Foundation}, 
	title        = {Node.js},
	howpublished = {\url{https://nodejs.org/es/}}
}

@misc{npm,
	author       = {npm, Inc.}, 
	title        = {Build amazing things},
	howpublished = {\url{https://www.npmjs.com/}}
}

@misc{carbone,
	author       = {Carbone}, 
	title        = {Carbone},
	howpublished = {\url{https://carbone.io/designer-documentation.html}}
}

@misc{canvas,
	author       = {w3schools}, 
	title        = {HTML5 Canvas},
	howpublished = {\url{https://www.w3schools.com/html/html5_canvas.asp}}
}

@misc{supertest,
	author       = {visionmedia}, 
	title        = {Super-agent driven library for testing node.js HTTP servers using a fluent API},
	howpublished = {\url{https://github.com/visionmedia/supertest}}
}

@misc{travis-ci,
	author       = {Travis CI}, 
	title        = {Test and Deploy with Confidence},
	howpublished = {\url{https://travis-ci.org/}}
}

@misc{ubuntu-usage,
	author       = {w3techs}, 
	title        = {Usage statistics and market share of Linux for websites},
	howpublished = {\url{https://w3techs.com/technologies/details/os-linux/all/all}}
}

@misc{gespol,
	author       = {GESPOL}, 
	title        = {GESPOL Security and Safety Systems},
	howpublished = {\url{http://bilbo2.servebbs.net:9980/gespolweb/index.php/}}
}

@misc{appolo,
	author       = {almerimatik}, 
	title        = {Appolo, aplicación integral para Cuerpos de Policía Local},
	howpublished = {\url{http://www2.almerimatik.es/appolo/}}
}

@misc{scrum,
	author       = {Scrum Manager}, 
	title        = {Troncal I. Scrum Master},
	howpublished = {\url{http://scrummanager.net/files/scrum_manager.pdf}}
}

@misc{vagrant,
	author       = {HashiCorp}, 
	title        = {Development Environments Made Easy},
	howpublished = {\url{https://www.vagrantup.com/}}
}

@misc{passport-func,
	author       = {centuryLink}, 
	title        = {Authentication with passport.js},
	howpublished = {\url{https://www.ctl.io/developers/blog/post/build-user-authentication-with-node-js-express-passport-and-mongodb}}
}

@misc{image-unit-test,
	author       = {Martin Fowler}, 
	title        = {Unit test},
	howpublished = {\url{https://martinfowler.com/bliki/UnitTest.html}}
}

@misc{image-ci,
	author       = {FileCatalyst}, 
	title        = {Continuous integration diagram},
	howpublished = {\url{http://filecatalyst.com/wp-content/uploads/2014/12/Continuous-Integration-Diagram.png}}
}

@misc{image-node,
	author       = {Belisoft}, 
	title        = {PHP vs Nodejs},
	howpublished = {\url{https://belitsoft.com/php-development-services/php7-vs-nodejs}}
}

@misc{image-node-arch,
	author       = {Codeburst}, 
	title        = {All about Node.js},
	howpublished = {\url{https://codeburst.io/all-about-node-js-you-wanted-to-know-25f3374e0be7}}
}

@misc{image-mongoose,
	author       = {Medium}, 
	title        = {Introduction to Mongoose},
	howpublished = {\url{https://medium.freecodecamp.org/introduction-to-mongoose-for-mongodb-d2a7aa593c57}}
}

@misc{image-vagrant,
	author       = {Czerasz}, 
	title        = {Vagrant workflow},
	howpublished = {\url{http://czerasz.com/2015/01/06/vagrant-workflows/}}
}

@misc{image-ansible,
	author       = {RoyalCyber}, 
	title        = {Automation with Ansible},
	howpublished = {\url{http://blog.royalcyber.com/devops/new-level-of-automation-with-ansible/}}
}

@misc{,
	author       = {}, 
	title        = {},
	howpublished = {\url{}}
}

@misc{,
	author       = {}, 
	title        = {},
	howpublished = {\url{}}
}

@misc{,
	author       = {}, 
	title        = {},
	howpublished = {\url{}}
}

@misc{,
	author       = {}, 
	title        = {},
	howpublished = {\url{}}
}






