@article{Habibi2019,
  doi = {10.1007/s10916-019-1383-5},
  url = {https://doi.org/10.1007/s10916-019-1383-5},
  year = {2019},
  month = jul,
  publisher = {Springer Science and Business Media {LLC}},
  volume = {43},
  number = {8},
  author = {Mohammad Reza Mazaheri Habibi and Fahimeh Mohammadabadi and Hamed Tabesh and Hasan Vakili-Arki and Ameen Abu-Hanna and Saeid Eslami},
  title = {Effect of an Online Appointment Scheduling System on Evaluation Metrics of Outpatient Scheduling System: a before-after {MulticenterStudy}},
  journal = {Journal of Medical Systems}
}

@article{zuluaga2019generadores,
  title={Generadores de resistencia al cambio frente a procesos de crecimiento empresarial. Una propuesta de intervenci{\'o}n},
  author={Zuluaga Salgado, Ana Mar{\'\i}a},
  year={2019},
  publisher={Medell{\'\i}n, Colombia}
}

@book{Elrom2016,
    title = {Pro MEAN Stack Development},
    author = {Elad Elrom},
    year = {2016},
    month = {12},
    day = {01},
    pagecount = {286},
    isbn = {9781484220443}
}

@article{FeddernBekcan2008,
  doi = {10.3163/1536-5050.96.4.023},
  url = {https://doi.org/10.3163/1536-5050.96.4.023},
  year = {2008},
  month = oct,
  publisher = {University Library System,  University of Pittsburgh},
  volume = {96},
  number = {4},
  pages = {394--395},
  author = {Tanya Feddern-Bekcan},
  title = {Google Calendar},
  journal = {Journal of the Medical Library Association : {JMLA}}
}

@inproceedings{Devina2021,
  doi = {10.1109/iccsai53272.2021.9609775},
  url = {https://doi.org/10.1109/iccsai53272.2021.9609775},
  year = {2021},
  month = oct,
  publisher = {{IEEE}},
  author = {Sartika Devina and Angelica Nadia and Vicky Chen and Alexander A S Gunawan},
  title = {The Influence of {UI} {UX} Design to Number of Users Between `Line' and `Whatsapp'},
  booktitle = {2021 1st International Conference on Computer Science and Artificial Intelligence ({ICCSAI})}
}

@article{Gould2016-ky,
  title     = "{WhatsApp} doc?",
  author    = "Gould, Georgina and Nilforooshan, Ramin",
  journal   = "BMJ Innov.",
  publisher = "BMJ",
  volume    =  2,
  number    =  3,
  pages     = "109--110",
  month     =  jul,
  year      =  2016,
  keywords  = "Communication; Medical Apps; Mobile Technology",
  language  = "en"
}

@BOOK{Scott2009-dh,
  title     = "Designing web interfaces",
  author    = "Scott, Bill and Neil, Theresa",
  publisher = "O'Reilly Media",
  month     =  feb,
  year      =  2009,
  address   = "Sebastopol, CA",
  language  = "en"
}

@article{dunka2018simplifying,
  title={Simplifying Web Application Development Using-Mean Stack Technologies},
  author={Dunka, Bakwa D and Emmanuel, Edim A and Oyerinde, Dantala O},
  journal={International Journal of Latest Research in Engineering and Technology (IJLRET)},
  year={2018}
}

@article{aggarwal2018comparative,
  title={Comparative analysis of MEAN stack and MERN stack},
  author={Aggarwal, Sanchit and Verma, Jyoti},
  journal={International Journal of Recent Research Aspects},
  volume={5},
  number={1},
  pages={127--132},
  year={2018}
}

@article{Yang2022,
  doi = {10.1155/2022/7259595},
  url = {https://doi.org/10.1155/2022/7259595},
  year = {2022},
  month = aug,
  publisher = {Hindawi Limited},
  volume = {2022},
  pages = {1--10},
  author = {Jicheng Yang and Xiaoying Shen},
  editor = {Zhao kaifa},
  title = {The Application of Color Psychology in Community Health Environment Design},
  journal = {Journal of Environmental and Public Health}
}

@article{toscanini2022fundamentos,
  title={Fundamentos de entrega continua y tecnolog{\'\i}as para pipelines de desarrollo de software},
  author={Toscanini Montero, Santiago Nicol{\'a}s and Bilad{\'o}niga Griffett, Nahuel Roberto and Tejerina Salvado, Sof{\'\i}a Bel{\'e}n},
  year={2022},
  publisher={Universidad ORT Uruguay}
}

@article{mishra2021organizational,
  title={Organizational issues in embracing Agile methods: an empirical assessment},
  author={Mishra, Alok and Abdalhamid, Samia and Mishra, Deepti and Ostrovska, Sofiya},
  journal={International Journal of System Assurance Engineering and Management},
  volume={12},
  number={6},
  pages={1420--1433},
  year={2021},
  publisher={Springer}
}

@article{nirgudkar2017mean,
  title={The MEAN stack},
  author={Nirgudkar, N and Singh, P},
  journal={International Research Journal of Engineering and Technology},
  pages={2395--56},
  year={2017}
}

@article{salazar2018scrum,
  title={Scrum versus XP: similitudes y diferencias},
  author={Salazar, Juan Camilo and Casallas, {\'A}lvaro Tovar and Linares, Juan Carlos and Lozano, Alexander and Valbuena, Yudy Lizeth},
  journal={Tecnolog{\'\i}a Investigaci{\'o}n y Academia},
  volume={6},
  number={2},
  pages={29--37},
  year={2018}
}

@incollection{kotaru2020material,
  title={Material Design: Layout},
  author={Kotaru, Venkata Keerti},
  booktitle={Angular for Material Design},
  pages={265--286},
  year={2020},
  publisher={Springer}
}

@article{gonccalves2018scrum,
  title={Scrum},
  author={Gon{\c{c}}alves, Luis},
  journal={Controlling \& Management Review},
  volume={62},
  number={4},
  pages={40--42},
  year={2018},
  publisher={Springer}
}

@BOOK{Gomez2017-id,
  title    = "M{\'e}todos {\'a}giles : Scrum, Kanban, Lean",
  author   = "G{\'o}mez, Carmen Lasa and de las Heras del Dedo, Rafael and
              Garc{\'\i}a, Alonso {\'A}lvarez",
  month    =  apr,
  year     =  2017,
  language = "es"
}

@incollection{ifrah2019installing,
  title={Installing a Docker Host on an Amazon EC2 Instance},
  author={Ifrah, Shimon},
  booktitle={Deploy Containers on AWS},
  pages={175--212},
  year={2019},
  publisher={Springer}
}

@inproceedings{aas2019let,
  title={Let's Encrypt: an automated certificate authority to encrypt the entire web},
  author={Aas, Josh and Barnes, Richard and Case, Benton and Durumeric, Zakir and Eckersley, Peter and Flores-L{\'o}pez, Alan and Halderman, J Alex and Hoffman-Andrews, Jacob and Kasten, James and Rescorla, Eric and others},
  booktitle={Proceedings of the 2019 ACM SIGSAC Conference on Computer and Communications Security},
  pages={2473--2487},
  year={2019}
}

@article{li2022design,
  title={Design Factors to Improve the Consistency and Sustainable User Experience of Responsive Interface Design},
  author={Li, Wenjie and Zhou, Yuxiao and Luo, Shijian and Dong, Yenan},
  journal={Sustainability},
  volume={14},
  number={15},
  pages={9131},
  year={2022},
  publisher={MDPI}
}

@article{kaushal2019seo,
  title={SEO: Challenges and Characteristics},
  author={Kaushal, Shah and Charmi, Shah},
  journal={International Journal of Data Structures},
  volume={5},
  number={1},
  pages={15--20},
  year={2019}
}

@article{bhatt2021overview,
  title={An Overview of Structural UML Diagrams},
  author={Bhatt, Bhavik and Nandu, Muskaan},
  year={2021}
}

@book{brown2019web,
  title={Web development with node and express: leveraging the JavaScript stack},
  author={Brown, Ethan},
  year={2019},
  publisher={O'Reilly Media}
}

@article{kumawatcase,
  title={A Case Study on Cookies and Cyber Security},
  author={Kumawat, Naman and Chaudhary, Ramesh and Tiwari, Ankit Kumar}
}

@BOOK{Editorial_Editorial_ADRIANO2019-kn,
  title    = "Constituci{\'o}n Espa{\~n}ola: Actualizada, Incluyendo la
              {\'u}ltima Reforma Recogida en la Descripci{\'o}n",
  author   = "{Editorial Editorial ADRIANO}",
  abstract = "PROMOCI{\'O}N: DURANTE LA SEMANA DEL 15 AL 21 DE ABRIL EL PRECIO
              DE TODOS LOS LIBROS DE LA EDITORIAL ES IGUAL AL COSTE DE
              IMPRESI{\'O}N. Texto consolidado de la Constituci{\'o}n
              Espa{\~n}ola de 1978, incluyendo la {\'u}ltima reforma publicada
              el 27 de septiembre de 2011 y que da nueva redacci{\'o}n al
              art{\'\i}culo 135. El dise{\~n}o editorial del libro persigue el
              objetivo de facilitar su lectura y consulta a los universitarios
              y opositores que utilizan el derecho positivo como texto
              principal de estudio.",
  month    =  jan,
  year     =  2019,
  language = "es"
}

@incollection{martins2022design,
  title={Design principles in the development of dashboards for business management},
  author={Martins, Nuno and Martins, Susana and Brand{\~a}o, Daniel},
  booktitle={Perspectives on Design II},
  pages={353--365},
  year={2022},
  publisher={Springer}
}